%YAML 1.1
%TAG !u! tag:unity3d.com,2011:
--- !u!29 &1
SceneSettings:
  m_ObjectHideFlags: 0
  m_PVSData: 
  m_PVSObjectsArray: []
  m_PVSPortalsArray: []
  m_OcclusionBakeSettings:
    smallestOccluder: 5
    smallestHole: 0.25
    backfaceThreshold: 100
--- !u!104 &2
RenderSettings:
  m_ObjectHideFlags: 0
  serializedVersion: 6
  m_Fog: 0
  m_FogColor: {r: 0.5, g: 0.5, b: 0.5, a: 1}
  m_FogMode: 3
  m_FogDensity: 0.01
  m_LinearFogStart: 0
  m_LinearFogEnd: 300
  m_AmbientSkyColor: {r: 1, g: 1, b: 1, a: 1}
  m_AmbientEquatorColor: {r: 0.114, g: 0.125, b: 0.133, a: 1}
  m_AmbientGroundColor: {r: 0.047, g: 0.043, b: 0.035, a: 1}
  m_AmbientIntensity: 0
  m_AmbientMode: 3
  m_SkyboxMaterial: {fileID: 10304, guid: 0000000000000000f000000000000000, type: 0}
  m_HaloStrength: 0.5
  m_FlareStrength: 1
  m_FlareFadeSpeed: 3
  m_HaloTexture: {fileID: 0}
  m_SpotCookie: {fileID: 10001, guid: 0000000000000000e000000000000000, type: 0}
  m_DefaultReflectionMode: 1
  m_DefaultReflectionResolution: 128
  m_ReflectionBounces: 5
  m_ReflectionIntensity: 1
  m_CustomReflection: {fileID: 0}
  m_Sun: {fileID: 0}
--- !u!157 &3
LightmapSettings:
  m_ObjectHideFlags: 0
  serializedVersion: 6
  m_GIWorkflowMode: 1
  m_LightmapsMode: 0
  m_GISettings:
    serializedVersion: 2
    m_BounceScale: 1
    m_IndirectOutputScale: 0
    m_AlbedoBoost: 1
    m_TemporalCoherenceThreshold: 1
    m_EnvironmentLightingMode: 1
    m_EnableBakedLightmaps: 0
    m_EnableRealtimeLightmaps: 0
  m_LightmapEditorSettings:
    serializedVersion: 3
    m_Resolution: 2
    m_BakeResolution: 40
    m_TextureWidth: 1024
    m_TextureHeight: 1024
    m_AOMaxDistance: 1
    m_Padding: 2
    m_CompAOExponent: 0
    m_LightmapParameters: {fileID: 0}
    m_TextureCompression: 1
    m_FinalGather: 0
    m_FinalGatherRayCount: 1024
    m_ReflectionCompression: 0
  m_LightingDataAsset: {fileID: 0}
  m_RuntimeCPUUsage: 25
--- !u!196 &4
NavMeshSettings:
  serializedVersion: 2
  m_ObjectHideFlags: 0
  m_BuildSettings:
    serializedVersion: 2
    agentRadius: 0.5
    agentHeight: 2
    agentSlope: 45
    agentClimb: 0.4
    ledgeDropHeight: 0
    maxJumpAcrossDistance: 0
    accuratePlacement: 0
    minRegionArea: 2
    cellSize: 0.16666667
    manualCellSize: 0
  m_NavMeshData: {fileID: 0}
--- !u!1 &15578971
GameObject:
  m_ObjectHideFlags: 0
  m_PrefabParentObject: {fileID: 0}
  m_PrefabInternal: {fileID: 0}
  serializedVersion: 4
  m_Component:
  - 4: {fileID: 15578978}
  - 33: {fileID: 15578977}
  - 135: {fileID: 15578976}
  - 23: {fileID: 15578975}
  - 111: {fileID: 15578974}
  - 114: {fileID: 15578972}
  - 82: {fileID: 15578973}
  m_Layer: 0
  m_Name: dearVR_Source_Send
  m_TagString: Untagged
  m_Icon: {fileID: 0}
  m_NavMeshLayer: 0
  m_StaticEditorFlags: 0
  m_IsActive: 0
--- !u!114 &15578972
MonoBehaviour:
  m_ObjectHideFlags: 0
  m_PrefabParentObject: {fileID: 0}
  m_PrefabInternal: {fileID: 0}
  m_GameObject: {fileID: 15578971}
  m_Enabled: 1
  m_EditorHideFlags: 0
  m_Script: {fileID: -1461815862, guid: 6fc5cdeb2b2664cd69b743656e623709, type: 3}
  m_Name: 
  m_EditorClassIdentifier: 
  EnableSpatialization: 1
  DistanceAttn: 1
  FixedVolume: 0
  CustomRolloff: 0
  wallMask:
    serializedVersion: 2
    m_Bits: 823
  rayUpdateTime: 1
  audioSource: {fileID: 0}
  clipIsPlaying: 0
  clipHasPlayedOnAwake: 0
  isOverlapping: 0
  gainLevel: 0
  directLevel: 0
  reflectionLevel: 0
  reverbLevel: 0
  azimuthCorrection: 1
  distanceCorrection: 1
  useUnityDistance: 0
  auralization: 0
  roomPreset: 7
  internalReverb: 0
  performanceMode: 0
  dearVRPlayOnAwake: 0
  bypass: 0
  bypassPerformance: 0
  reverbStopOverlap: 1
  inputChannel: -1
  reflectionLP: 20000
  reverbLP: 20000
  roomSize: 100
  bassBoost: 0
  occlusionLevel: 0.6
  occlusionActiv: 0
  forceOcclusion: 0
  debugRayCast: 0
  rayUpdateFreq: 0.2
  reverbSends:
  - roomIndex: 1
    send: 0
  - roomIndex: 2
    send: 0
--- !u!82 &15578973
AudioSource:
  m_ObjectHideFlags: 0
  m_PrefabParentObject: {fileID: 0}
  m_PrefabInternal: {fileID: 0}
  m_GameObject: {fileID: 15578971}
  m_Enabled: 1
  serializedVersion: 4
  OutputAudioMixerGroup: {fileID: 24364226, guid: 5fb22b80676344753a2f46e2d6494800,
    type: 2}
  m_audioClip: {fileID: 8300000, guid: 3fae7defe1bae4e4cbd06c5b399ebb96, type: 3}
  m_PlayOnAwake: 1
  m_Volume: 1
  m_Pitch: 1
  Loop: 1
  Mute: 0
  Spatialize: 0
  Priority: 128
  DopplerLevel: 1
  MinDistance: 1
  MaxDistance: 30
  Pan2D: 0
  rolloffMode: 2
  BypassEffects: 0
  BypassListenerEffects: 0
  BypassReverbZones: 0
  rolloffCustomCurve:
    serializedVersion: 2
    m_Curve:
    - time: 0.033333335
      value: 1
      inSlope: -30.011993
      outSlope: -30.011993
      tangentMode: 0
    - time: 0.06666667
      value: 0.5
      inSlope: -7.5029984
      outSlope: -7.5029984
      tangentMode: 0
    - time: 0.13333334
      value: 0.25
      inSlope: -1.8757496
      outSlope: -1.8757496
      tangentMode: 0
    - time: 0.26666668
      value: 0.125
      inSlope: -0.4689374
      outSlope: -0.4689374
      tangentMode: 0
    - time: 0.53333336
      value: 0.0625
      inSlope: -0.11723435
      outSlope: -0.11723435
      tangentMode: 0
    - time: 0.8302172
      value: 0.039790582
      inSlope: -0.046100467
      outSlope: -0.046100467
      tangentMode: 0
    - time: 1
      value: 0
      inSlope: -0.033346657
      outSlope: -0.033346657
      tangentMode: 0
    m_PreInfinity: 2
    m_PostInfinity: 2
    m_RotationOrder: 4
  panLevelCustomCurve:
    serializedVersion: 2
    m_Curve:
    - time: 0
      value: 0
      inSlope: 0
      outSlope: 0
      tangentMode: 0
    m_PreInfinity: 2
    m_PostInfinity: 2
    m_RotationOrder: 0
  spreadCustomCurve:
    serializedVersion: 2
    m_Curve:
    - time: 0
      value: 0
      inSlope: 0
      outSlope: 0
      tangentMode: 0
    m_PreInfinity: 2
    m_PostInfinity: 2
    m_RotationOrder: 0
  reverbZoneMixCustomCurve:
    serializedVersion: 2
    m_Curve:
    - time: 0
      value: 1
      inSlope: 0
      outSlope: 0
      tangentMode: 0
    - time: 0.8325398
      value: 0.7469073
      inSlope: -0.8186698
      outSlope: -0.8186698
      tangentMode: 0
    - time: 1
      value: 0
      inSlope: 0
      outSlope: 0
      tangentMode: 0
    m_PreInfinity: 2
    m_PostInfinity: 2
    m_RotationOrder: 0
--- !u!111 &15578974
Animation:
  m_ObjectHideFlags: 0
  m_PrefabParentObject: {fileID: 0}
  m_PrefabInternal: {fileID: 0}
  m_GameObject: {fileID: 15578971}
  m_Enabled: 1
  serializedVersion: 3
  m_Animation: {fileID: 7400000, guid: 514fbdfebadd54ecb91bebce2a818475, type: 2}
  m_Animations:
  - {fileID: 7400000, guid: 514fbdfebadd54ecb91bebce2a818475, type: 2}
  m_WrapMode: 0
  m_PlayAutomatically: 1
  m_AnimatePhysics: 0
  m_CullingType: 0
--- !u!23 &15578975
MeshRenderer:
  m_ObjectHideFlags: 0
  m_PrefabParentObject: {fileID: 0}
  m_PrefabInternal: {fileID: 0}
  m_GameObject: {fileID: 15578971}
  m_Enabled: 1
  m_CastShadows: 0
  m_ReceiveShadows: 1
  m_Materials:
  - {fileID: 2100000, guid: 77f8e8ad470d34495a67a4ee49c0a5e6, type: 2}
  m_SubsetIndices: 
  m_StaticBatchRoot: {fileID: 0}
  m_UseLightProbes: 1
  m_ReflectionProbeUsage: 1
  m_ProbeAnchor: {fileID: 0}
  m_ScaleInLightmap: 1
  m_PreserveUVs: 1
  m_IgnoreNormalsForChartDetection: 0
  m_ImportantGI: 0
  m_MinimumChartSize: 4
  m_AutoUVMaxDistance: 0.5
  m_AutoUVMaxAngle: 89
  m_LightmapParameters: {fileID: 0}
  m_SortingLayerID: 0
  m_SortingOrder: 0
--- !u!135 &15578976
SphereCollider:
  m_ObjectHideFlags: 0
  m_PrefabParentObject: {fileID: 0}
  m_PrefabInternal: {fileID: 0}
  m_GameObject: {fileID: 15578971}
  m_Material: {fileID: 0}
  m_IsTrigger: 0
  m_Enabled: 1
  serializedVersion: 2
  m_Radius: 0.5
  m_Center: {x: 0, y: 0, z: 0}
--- !u!33 &15578977
MeshFilter:
  m_ObjectHideFlags: 0
  m_PrefabParentObject: {fileID: 0}
  m_PrefabInternal: {fileID: 0}
  m_GameObject: {fileID: 15578971}
  m_Mesh: {fileID: 10207, guid: 0000000000000000e000000000000000, type: 0}
--- !u!4 &15578978
Transform:
  m_ObjectHideFlags: 0
  m_PrefabParentObject: {fileID: 0}
  m_PrefabInternal: {fileID: 0}
  m_GameObject: {fileID: 15578971}
  m_LocalRotation: {x: 0, y: 0, z: 0, w: 1}
  m_LocalPosition: {x: -2.102, y: 0.12673926, z: 7.609}
  m_LocalScale: {x: 0.8, y: 0.8, z: 0.8}
  m_LocalEulerAnglesHint: {x: 0, y: 0, z: 0}
  m_Children:
  - {fileID: 302022991}
  m_Father: {fileID: 0}
  m_RootOrder: 11
--- !u!1 &141008234
GameObject:
  m_ObjectHideFlags: 0
  m_PrefabParentObject: {fileID: 0}
  m_PrefabInternal: {fileID: 0}
  serializedVersion: 4
  m_Component:
  - 4: {fileID: 141008235}
  - 108: {fileID: 141008236}
  m_Layer: 8
  m_Name: Backlight
  m_TagString: Untagged
  m_Icon: {fileID: 0}
  m_NavMeshLayer: 0
  m_StaticEditorFlags: 0
  m_IsActive: 1
--- !u!4 &141008235
Transform:
  m_ObjectHideFlags: 0
  m_PrefabParentObject: {fileID: 0}
  m_PrefabInternal: {fileID: 0}
  m_GameObject: {fileID: 141008234}
  m_LocalRotation: {x: 0, y: 0, z: 0, w: 1}
  m_LocalPosition: {x: -0.06, y: 0, z: 7.67}
  m_LocalScale: {x: 1, y: 1, z: 0.2}
  m_LocalEulerAnglesHint: {x: 0, y: 0, z: 0}
  m_Children: []
  m_Father: {fileID: 0}
  m_RootOrder: 7
--- !u!108 &141008236
Light:
  m_ObjectHideFlags: 0
  m_PrefabParentObject: {fileID: 0}
  m_PrefabInternal: {fileID: 0}
  m_GameObject: {fileID: 141008234}
  m_Enabled: 1
  serializedVersion: 6
  m_Type: 2
  m_Color: {r: 0.6985294, g: 0.8612702, b: 1, a: 1}
  m_Intensity: 4.36
  m_Range: 2.77
  m_SpotAngle: 30
  m_CookieSize: 10
  m_Shadows:
    m_Type: 1
    m_Resolution: -1
    m_Strength: 0.032
    m_Bias: 0.05
    m_NormalBias: 0.4
    m_NearPlane: 0.2
  m_Cookie: {fileID: 0}
  m_DrawHalo: 0
  m_Flare: {fileID: 0}
  m_RenderMode: 0
  m_CullingMask:
    serializedVersion: 2
    m_Bits: 4294967295
  m_Lightmapping: 4
  m_BounceIntensity: 0
  m_ShadowRadius: 0
  m_ShadowAngle: 0
  m_AreaSize: {x: 1, y: 1}
--- !u!1 &153516667
GameObject:
  m_ObjectHideFlags: 0
  m_PrefabParentObject: {fileID: 172948, guid: ff2701e893ddb44bbb8457166dd619e7, type: 2}
  m_PrefabInternal: {fileID: 0}
  serializedVersion: 4
  m_Component:
  - 4: {fileID: 153516671}
  - 33: {fileID: 153516670}
  - 64: {fileID: 153516669}
  - 23: {fileID: 153516668}
  m_Layer: 0
  m_Name: Room_Top
  m_TagString: Untagged
  m_Icon: {fileID: 0}
  m_NavMeshLayer: 0
  m_StaticEditorFlags: 4294967295
  m_IsActive: 1
--- !u!23 &153516668
MeshRenderer:
  m_ObjectHideFlags: 0
  m_PrefabParentObject: {fileID: 2335956, guid: ff2701e893ddb44bbb8457166dd619e7,
    type: 2}
  m_PrefabInternal: {fileID: 0}
  m_GameObject: {fileID: 153516667}
  m_Enabled: 1
  m_CastShadows: 1
  m_ReceiveShadows: 1
  m_Materials:
  - {fileID: 2100000, guid: 92031595346c649378e034848bc3ba69, type: 2}
  m_SubsetIndices: 
  m_StaticBatchRoot: {fileID: 0}
  m_UseLightProbes: 0
  m_ReflectionProbeUsage: 1
  m_ProbeAnchor: {fileID: 0}
  m_ScaleInLightmap: 1
  m_PreserveUVs: 0
  m_IgnoreNormalsForChartDetection: 0
  m_ImportantGI: 0
  m_MinimumChartSize: 4
  m_AutoUVMaxDistance: 0.5
  m_AutoUVMaxAngle: 89
  m_LightmapParameters: {fileID: 0}
  m_SortingLayerID: 0
  m_SortingOrder: 0
--- !u!64 &153516669
MeshCollider:
  m_ObjectHideFlags: 0
  m_PrefabParentObject: {fileID: 6499166, guid: ff2701e893ddb44bbb8457166dd619e7,
    type: 2}
  m_PrefabInternal: {fileID: 0}
  m_GameObject: {fileID: 153516667}
  m_Material: {fileID: 0}
  m_IsTrigger: 0
  m_Enabled: 1
  serializedVersion: 2
  m_Convex: 0
  m_Mesh: {fileID: 10209, guid: 0000000000000000e000000000000000, type: 0}
--- !u!33 &153516670
MeshFilter:
  m_ObjectHideFlags: 0
  m_PrefabParentObject: {fileID: 3351412, guid: ff2701e893ddb44bbb8457166dd619e7,
    type: 2}
  m_PrefabInternal: {fileID: 0}
  m_GameObject: {fileID: 153516667}
  m_Mesh: {fileID: 10209, guid: 0000000000000000e000000000000000, type: 0}
--- !u!4 &153516671
Transform:
  m_ObjectHideFlags: 0
  m_PrefabParentObject: {fileID: 417274, guid: ff2701e893ddb44bbb8457166dd619e7, type: 2}
  m_PrefabInternal: {fileID: 0}
  m_GameObject: {fileID: 153516667}
  m_LocalRotation: {x: 1, y: 0.00000016292068, z: 0.00000016292068, w: 2.654315e-14}
  m_LocalPosition: {x: 0, y: 2.67, z: 0}
  m_LocalScale: {x: 10, y: 1, z: 10}
  m_LocalEulerAnglesHint: {x: 0, y: 0, z: 0}
  m_Children: []
  m_Father: {fileID: 0}
  m_RootOrder: 1
--- !u!1 &190320570
GameObject:
  m_ObjectHideFlags: 0
  m_PrefabParentObject: {fileID: 0}
  m_PrefabInternal: {fileID: 0}
  serializedVersion: 4
  m_Component:
  - 4: {fileID: 190320571}
  - 108: {fileID: 190320572}
  m_Layer: 8
  m_Name: Sphere_Light
  m_TagString: Untagged
  m_Icon: {fileID: 0}
  m_NavMeshLayer: 0
  m_StaticEditorFlags: 0
  m_IsActive: 1
--- !u!4 &190320571
Transform:
  m_ObjectHideFlags: 0
  m_PrefabParentObject: {fileID: 0}
  m_PrefabInternal: {fileID: 0}
  m_GameObject: {fileID: 190320570}
  m_LocalRotation: {x: 0, y: 0, z: 0, w: 1}
  m_LocalPosition: {x: 0, y: 0.165, z: -0.564}
  m_LocalScale: {x: 1, y: 1, z: 0.2}
  m_LocalEulerAnglesHint: {x: 0, y: 0, z: 0}
  m_Children: []
  m_Father: {fileID: 1108079588}
  m_RootOrder: 0
--- !u!108 &190320572
Light:
  m_ObjectHideFlags: 0
  m_PrefabParentObject: {fileID: 0}
  m_PrefabInternal: {fileID: 0}
  m_GameObject: {fileID: 190320570}
  m_Enabled: 1
  serializedVersion: 6
  m_Type: 2
  m_Color: {r: 0.5568628, g: 0.79607844, b: 1, a: 1}
  m_Intensity: 6.8
  m_Range: 0.7
  m_SpotAngle: 30
  m_CookieSize: 10
  m_Shadows:
    m_Type: 0
    m_Resolution: -1
    m_Strength: 0.032
    m_Bias: 0.05
    m_NormalBias: 0.4
    m_NearPlane: 0.2
  m_Cookie: {fileID: 0}
  m_DrawHalo: 0
  m_Flare: {fileID: 0}
  m_RenderMode: 0
  m_CullingMask:
    serializedVersion: 2
    m_Bits: 4294967295
  m_Lightmapping: 4
  m_BounceIntensity: 0
  m_ShadowRadius: 0
  m_ShadowAngle: 0
  m_AreaSize: {x: 1, y: 1}
--- !u!1 &232849503
GameObject:
  m_ObjectHideFlags: 0
  m_PrefabParentObject: {fileID: 128644, guid: ff2701e893ddb44bbb8457166dd619e7, type: 2}
  m_PrefabInternal: {fileID: 0}
  serializedVersion: 4
  m_Component:
  - 4: {fileID: 232849507}
  - 33: {fileID: 232849506}
  - 65: {fileID: 232849505}
  - 23: {fileID: 232849504}
  m_Layer: 0
  m_Name: Room_Back
  m_TagString: Untagged
  m_Icon: {fileID: 0}
  m_NavMeshLayer: 0
  m_StaticEditorFlags: 4294967295
  m_IsActive: 1
--- !u!23 &232849504
MeshRenderer:
  m_ObjectHideFlags: 0
  m_PrefabParentObject: {fileID: 2396736, guid: ff2701e893ddb44bbb8457166dd619e7,
    type: 2}
  m_PrefabInternal: {fileID: 0}
  m_GameObject: {fileID: 232849503}
  m_Enabled: 1
  m_CastShadows: 1
  m_ReceiveShadows: 1
  m_Materials:
  - {fileID: 2100000, guid: 92031595346c649378e034848bc3ba69, type: 2}
  m_SubsetIndices: 
  m_StaticBatchRoot: {fileID: 0}
  m_UseLightProbes: 0
  m_ReflectionProbeUsage: 1
  m_ProbeAnchor: {fileID: 0}
  m_ScaleInLightmap: 1
  m_PreserveUVs: 0
  m_IgnoreNormalsForChartDetection: 0
  m_ImportantGI: 0
  m_MinimumChartSize: 4
  m_AutoUVMaxDistance: 0.5
  m_AutoUVMaxAngle: 89
  m_LightmapParameters: {fileID: 0}
  m_SortingLayerID: 0
  m_SortingOrder: 0
--- !u!65 &232849505
BoxCollider:
  m_ObjectHideFlags: 0
  m_PrefabParentObject: {fileID: 6514080, guid: ff2701e893ddb44bbb8457166dd619e7,
    type: 2}
  m_PrefabInternal: {fileID: 0}
  m_GameObject: {fileID: 232849503}
  m_Material: {fileID: 0}
  m_IsTrigger: 0
  m_Enabled: 1
  serializedVersion: 2
  m_Size: {x: 1, y: 1, z: 1}
  m_Center: {x: 0, y: 0, z: 0}
--- !u!33 &232849506
MeshFilter:
  m_ObjectHideFlags: 0
  m_PrefabParentObject: {fileID: 3351656, guid: ff2701e893ddb44bbb8457166dd619e7,
    type: 2}
  m_PrefabInternal: {fileID: 0}
  m_GameObject: {fileID: 232849503}
  m_Mesh: {fileID: 10202, guid: 0000000000000000e000000000000000, type: 0}
--- !u!4 &232849507
Transform:
  m_ObjectHideFlags: 0
  m_PrefabParentObject: {fileID: 423926, guid: ff2701e893ddb44bbb8457166dd619e7, type: 2}
  m_PrefabInternal: {fileID: 0}
  m_GameObject: {fileID: 232849503}
  m_LocalRotation: {x: 0, y: 0.7071068, z: 0, w: 0.7071067}
  m_LocalPosition: {x: 0, y: 0, z: -1.384}
  m_LocalScale: {x: 0.1, y: 100, z: 100}
  m_LocalEulerAnglesHint: {x: 0, y: 0, z: 0}
  m_Children:
  - {fileID: 1801333322}
  m_Father: {fileID: 0}
  m_RootOrder: 3
--- !u!1 &302022990
GameObject:
  m_ObjectHideFlags: 0
  m_PrefabParentObject: {fileID: 0}
  m_PrefabInternal: {fileID: 0}
  serializedVersion: 4
  m_Component:
  - 4: {fileID: 302022991}
  - 108: {fileID: 302022992}
  m_Layer: 8
  m_Name: Sphere_Light
  m_TagString: Untagged
  m_Icon: {fileID: 0}
  m_NavMeshLayer: 0
  m_StaticEditorFlags: 0
  m_IsActive: 1
--- !u!4 &302022991
Transform:
  m_ObjectHideFlags: 0
  m_PrefabParentObject: {fileID: 0}
  m_PrefabInternal: {fileID: 0}
  m_GameObject: {fileID: 302022990}
  m_LocalRotation: {x: 0, y: 0, z: 0, w: 1}
  m_LocalPosition: {x: 0, y: 0.165, z: -0.564}
  m_LocalScale: {x: 1, y: 1, z: 0.2}
  m_LocalEulerAnglesHint: {x: 0, y: 0, z: 0}
  m_Children: []
  m_Father: {fileID: 15578978}
  m_RootOrder: 0
--- !u!108 &302022992
Light:
  m_ObjectHideFlags: 0
  m_PrefabParentObject: {fileID: 0}
  m_PrefabInternal: {fileID: 0}
  m_GameObject: {fileID: 302022990}
  m_Enabled: 1
  serializedVersion: 6
  m_Type: 2
  m_Color: {r: 0.5568628, g: 0.79607844, b: 1, a: 1}
  m_Intensity: 6.8
  m_Range: 0.7
  m_SpotAngle: 30
  m_CookieSize: 10
  m_Shadows:
    m_Type: 0
    m_Resolution: -1
    m_Strength: 0.032
    m_Bias: 0.05
    m_NormalBias: 0.4
    m_NearPlane: 0.2
  m_Cookie: {fileID: 0}
  m_DrawHalo: 0
  m_Flare: {fileID: 0}
  m_RenderMode: 0
  m_CullingMask:
    serializedVersion: 2
    m_Bits: 4294967295
  m_Lightmapping: 4
  m_BounceIntensity: 0
  m_ShadowRadius: 0
  m_ShadowAngle: 0
  m_AreaSize: {x: 1, y: 1}
--- !u!1 &423714690
GameObject:
  m_ObjectHideFlags: 0
  m_PrefabParentObject: {fileID: 161282, guid: 4a825123feb3c4022bec90b77335077b, type: 2}
  m_PrefabInternal: {fileID: 0}
  serializedVersion: 4
  m_Component:
  - 4: {fileID: 2106531770}
  - 33: {fileID: 423714693}
  - 65: {fileID: 423714692}
  - 23: {fileID: 423714691}
  m_Layer: 0
  m_Name: dearVR_Logo
  m_TagString: Untagged
  m_Icon: {fileID: 0}
  m_NavMeshLayer: 0
  m_StaticEditorFlags: 0
  m_IsActive: 1
--- !u!23 &423714691
MeshRenderer:
  m_ObjectHideFlags: 0
  m_PrefabParentObject: {fileID: 2389216, guid: 4a825123feb3c4022bec90b77335077b,
    type: 2}
  m_PrefabInternal: {fileID: 0}
  m_GameObject: {fileID: 423714690}
  m_Enabled: 1
  m_CastShadows: 0
  m_ReceiveShadows: 1
  m_Materials:
  - {fileID: 2100000, guid: bec67ff90b3214c0a8e8ee7108a25c09, type: 2}
  m_SubsetIndices: 
  m_StaticBatchRoot: {fileID: 0}
  m_UseLightProbes: 1
  m_ReflectionProbeUsage: 1
  m_ProbeAnchor: {fileID: 0}
  m_ScaleInLightmap: 1
  m_PreserveUVs: 0
  m_IgnoreNormalsForChartDetection: 0
  m_ImportantGI: 0
  m_MinimumChartSize: 4
  m_AutoUVMaxDistance: 0.5
  m_AutoUVMaxAngle: 89
  m_LightmapParameters: {fileID: 0}
  m_SortingLayerID: 0
  m_SortingOrder: 0
--- !u!65 &423714692
BoxCollider:
  m_ObjectHideFlags: 0
  m_PrefabParentObject: {fileID: 6590278, guid: 4a825123feb3c4022bec90b77335077b,
    type: 2}
  m_PrefabInternal: {fileID: 0}
  m_GameObject: {fileID: 423714690}
  m_Material: {fileID: 0}
  m_IsTrigger: 0
  m_Enabled: 1
  serializedVersion: 2
  m_Size: {x: 1, y: 1, z: 1}
  m_Center: {x: 0, y: 0, z: 0}
--- !u!33 &423714693
MeshFilter:
  m_ObjectHideFlags: 0
  m_PrefabParentObject: {fileID: 3349224, guid: 4a825123feb3c4022bec90b77335077b,
    type: 2}
  m_PrefabInternal: {fileID: 0}
  m_GameObject: {fileID: 423714690}
  m_Mesh: {fileID: 10202, guid: 0000000000000000e000000000000000, type: 0}
--- !u!1 &779629448
GameObject:
  m_ObjectHideFlags: 0
  m_PrefabParentObject: {fileID: 0}
  m_PrefabInternal: {fileID: 0}
  serializedVersion: 4
  m_Component:
  - 4: {fileID: 779629450}
  - 114: {fileID: 779629449}
  m_Layer: 0
  m_Name: dearVR_Manager
  m_TagString: Untagged
  m_Icon: {fileID: 0}
  m_NavMeshLayer: 0
  m_StaticEditorFlags: 0
  m_IsActive: 1
--- !u!114 &779629449
MonoBehaviour:
  m_ObjectHideFlags: 0
  m_PrefabParentObject: {fileID: 0}
  m_PrefabInternal: {fileID: 0}
  m_GameObject: {fileID: 779629448}
  m_Enabled: 1
  m_EditorHideFlags: 0
  m_Script: {fileID: -1933281608, guid: 6fc5cdeb2b2664cd69b743656e623709, type: 3}
  m_Name: 
  m_EditorClassIdentifier: 
  needRoomUpdate: 1
  dearListener: {fileID: 0}
  setRoomGeo: 0
  roomAnalyzer: 0
  debugRoomAnalyzer: 0
  roomUpdateFreq: 3
  upDownGeo: {x: 1.3, y: 1.8}
  frontBackGeo: {x: 3, y: 2.5}
  leftRightGeo: {x: 2.2, y: 2.3}
  bypass3DAudio: 0
  roomMask:
    serializedVersion: 2
    m_Bits: 823
--- !u!4 &779629450
Transform:
  m_ObjectHideFlags: 0
  m_PrefabParentObject: {fileID: 0}
  m_PrefabInternal: {fileID: 0}
  m_GameObject: {fileID: 779629448}
  m_LocalRotation: {x: 0, y: 0, z: 0, w: 1}
  m_LocalPosition: {x: 0, y: 0, z: 0}
  m_LocalScale: {x: 1, y: 1, z: 1}
  m_LocalEulerAnglesHint: {x: 0, y: 0, z: 0}
  m_Children: []
  m_Father: {fileID: 0}
  m_RootOrder: 9
--- !u!1 &808231368
GameObject:
  m_ObjectHideFlags: 0
  m_PrefabParentObject: {fileID: 102676, guid: ff2701e893ddb44bbb8457166dd619e7, type: 2}
  m_PrefabInternal: {fileID: 0}
  serializedVersion: 4
  m_Component:
  - 4: {fileID: 808231372}
  - 33: {fileID: 808231371}
  - 65: {fileID: 808231370}
  - 23: {fileID: 808231369}
  m_Layer: 0
  m_Name: Room_Right
  m_TagString: Untagged
  m_Icon: {fileID: 0}
  m_NavMeshLayer: 0
  m_StaticEditorFlags: 4294967295
  m_IsActive: 1
--- !u!23 &808231369
MeshRenderer:
  m_ObjectHideFlags: 0
  m_PrefabParentObject: {fileID: 2382720, guid: ff2701e893ddb44bbb8457166dd619e7,
    type: 2}
  m_PrefabInternal: {fileID: 0}
  m_GameObject: {fileID: 808231368}
  m_Enabled: 1
  m_CastShadows: 1
  m_ReceiveShadows: 1
  m_Materials:
  - {fileID: 2100000, guid: 92031595346c649378e034848bc3ba69, type: 2}
  m_SubsetIndices: 
  m_StaticBatchRoot: {fileID: 0}
  m_UseLightProbes: 0
  m_ReflectionProbeUsage: 1
  m_ProbeAnchor: {fileID: 0}
  m_ScaleInLightmap: 1
  m_PreserveUVs: 0
  m_IgnoreNormalsForChartDetection: 0
  m_ImportantGI: 0
  m_MinimumChartSize: 4
  m_AutoUVMaxDistance: 0.5
  m_AutoUVMaxAngle: 89
  m_LightmapParameters: {fileID: 0}
  m_SortingLayerID: 0
  m_SortingOrder: 0
--- !u!65 &808231370
BoxCollider:
  m_ObjectHideFlags: 0
  m_PrefabParentObject: {fileID: 6503908, guid: ff2701e893ddb44bbb8457166dd619e7,
    type: 2}
  m_PrefabInternal: {fileID: 0}
  m_GameObject: {fileID: 808231368}
  m_Material: {fileID: 0}
  m_IsTrigger: 0
  m_Enabled: 1
  serializedVersion: 2
  m_Size: {x: 1, y: 1, z: 1}
  m_Center: {x: 0, y: 0, z: 0}
--- !u!33 &808231371
MeshFilter:
  m_ObjectHideFlags: 0
  m_PrefabParentObject: {fileID: 3383342, guid: ff2701e893ddb44bbb8457166dd619e7,
    type: 2}
  m_PrefabInternal: {fileID: 0}
  m_GameObject: {fileID: 808231368}
  m_Mesh: {fileID: 10202, guid: 0000000000000000e000000000000000, type: 0}
--- !u!4 &808231372
Transform:
  m_ObjectHideFlags: 0
  m_PrefabParentObject: {fileID: 487972, guid: ff2701e893ddb44bbb8457166dd619e7, type: 2}
  m_PrefabInternal: {fileID: 0}
  m_GameObject: {fileID: 808231368}
  m_LocalRotation: {x: 0, y: 0, z: 0, w: 1}
  m_LocalPosition: {x: 4.7, y: 0, z: 0}
  m_LocalScale: {x: 0.1, y: 100, z: 100}
  m_LocalEulerAnglesHint: {x: 0, y: 0, z: 0}
  m_Children:
  - {fileID: 1194952216}
  m_Father: {fileID: 0}
  m_RootOrder: 5
--- !u!1 &1025235198
GameObject:
  m_ObjectHideFlags: 0
  m_PrefabParentObject: {fileID: 0}
  m_PrefabInternal: {fileID: 0}
  serializedVersion: 4
  m_Component:
  - 4: {fileID: 1025235203}
  - 33: {fileID: 1025235202}
  - 135: {fileID: 1025235201}
  - 23: {fileID: 1025235200}
  - 111: {fileID: 1025235199}
  - 114: {fileID: 1025235204}
  - 114: {fileID: 1025235206}
  - 82: {fileID: 1025235205}
  m_Layer: 0
  m_Name: dearVR_Source_Internal
  m_TagString: Untagged
  m_Icon: {fileID: 0}
  m_NavMeshLayer: 0
  m_StaticEditorFlags: 0
  m_IsActive: 1
--- !u!111 &1025235199
Animation:
  m_ObjectHideFlags: 0
  m_PrefabParentObject: {fileID: 0}
  m_PrefabInternal: {fileID: 0}
  m_GameObject: {fileID: 1025235198}
  m_Enabled: 1
  serializedVersion: 3
  m_Animation: {fileID: 7400000, guid: 514fbdfebadd54ecb91bebce2a818475, type: 2}
  m_Animations:
  - {fileID: 7400000, guid: 514fbdfebadd54ecb91bebce2a818475, type: 2}
  m_WrapMode: 0
  m_PlayAutomatically: 1
  m_AnimatePhysics: 0
  m_CullingType: 0
--- !u!23 &1025235200
MeshRenderer:
  m_ObjectHideFlags: 0
  m_PrefabParentObject: {fileID: 0}
  m_PrefabInternal: {fileID: 0}
  m_GameObject: {fileID: 1025235198}
  m_Enabled: 1
  m_CastShadows: 0
  m_ReceiveShadows: 1
  m_Materials:
  - {fileID: 2100000, guid: 77f8e8ad470d34495a67a4ee49c0a5e6, type: 2}
  m_SubsetIndices: 
  m_StaticBatchRoot: {fileID: 0}
  m_UseLightProbes: 1
  m_ReflectionProbeUsage: 1
  m_ProbeAnchor: {fileID: 0}
  m_ScaleInLightmap: 1
  m_PreserveUVs: 1
  m_IgnoreNormalsForChartDetection: 0
  m_ImportantGI: 0
  m_MinimumChartSize: 4
  m_AutoUVMaxDistance: 0.5
  m_AutoUVMaxAngle: 89
  m_LightmapParameters: {fileID: 0}
  m_SortingLayerID: 0
  m_SortingOrder: 0
--- !u!135 &1025235201
SphereCollider:
  m_ObjectHideFlags: 0
  m_PrefabParentObject: {fileID: 0}
  m_PrefabInternal: {fileID: 0}
  m_GameObject: {fileID: 1025235198}
  m_Material: {fileID: 0}
  m_IsTrigger: 0
  m_Enabled: 1
  serializedVersion: 2
  m_Radius: 0.5
  m_Center: {x: 0, y: 0, z: 0}
--- !u!33 &1025235202
MeshFilter:
  m_ObjectHideFlags: 0
  m_PrefabParentObject: {fileID: 0}
  m_PrefabInternal: {fileID: 0}
  m_GameObject: {fileID: 1025235198}
  m_Mesh: {fileID: 10207, guid: 0000000000000000e000000000000000, type: 0}
--- !u!4 &1025235203
Transform:
  m_ObjectHideFlags: 0
  m_PrefabParentObject: {fileID: 0}
  m_PrefabInternal: {fileID: 0}
  m_GameObject: {fileID: 1025235198}
  m_LocalRotation: {x: 0, y: 0, z: 0, w: 1}
  m_LocalPosition: {x: -2.102, y: 0.12673926, z: 7.609}
  m_LocalScale: {x: 0.8, y: 0.8, z: 0.8}
  m_LocalEulerAnglesHint: {x: 0, y: 0, z: 0}
  m_Children:
  - {fileID: 1754741898}
  m_Father: {fileID: 0}
  m_RootOrder: 10
--- !u!114 &1025235204
MonoBehaviour:
  m_ObjectHideFlags: 0
  m_PrefabParentObject: {fileID: 0}
  m_PrefabInternal: {fileID: 0}
  m_GameObject: {fileID: 1025235198}
  m_Enabled: 1
  m_EditorHideFlags: 0
  m_Script: {fileID: -1461815862, guid: 6fc5cdeb2b2664cd69b743656e623709, type: 3}
  m_Name: 
  m_EditorClassIdentifier: 
  EnableSpatialization: 1
  DistanceAttn: 1
  FixedVolume: 0
  CustomRolloff: 0
  wallMask:
    serializedVersion: 2
    m_Bits: 823
  rayUpdateTime: 1
  audioSource: {fileID: 0}
  clipIsPlaying: 0
  clipHasPlayedOnAwake: 0
  isOverlapping: 0
  gainLevel: 0
  directLevel: 0
  reflectionLevel: 0
  reverbLevel: 0
  azimuthCorrection: 1
  distanceCorrection: 1
  useUnityDistance: 0
  auralization: 0
  roomPreset: 40
  internalReverb: 1
  performanceMode: 0
  dearVRPlayOnAwake: 0
  bypass: 0
  bypassPerformance: 0
  reverbStopOverlap: 1
  inputChannel: -1
  reflectionLP: 20000
  reverbLP: 20000
  roomSize: 100
  bassBoost: 0
  occlusionLevel: 0.6
  occlusionActiv: 0
  forceOcclusion: 0
  debugRayCast: 0
  rayUpdateFreq: 0.2
  reverbSends: []
--- !u!82 &1025235205
AudioSource:
  m_ObjectHideFlags: 0
  m_PrefabParentObject: {fileID: 0}
  m_PrefabInternal: {fileID: 0}
  m_GameObject: {fileID: 1025235198}
  m_Enabled: 1
  serializedVersion: 4
  OutputAudioMixerGroup: {fileID: 24364226, guid: 5fb22b80676344753a2f46e2d6494800,
    type: 2}
  m_audioClip: {fileID: 0}
  m_PlayOnAwake: 1
  m_Volume: 1
  m_Pitch: 1
  Loop: 1
  Mute: 0
  Spatialize: 0
  Priority: 128
  DopplerLevel: 1
  MinDistance: 1
  MaxDistance: 30
  Pan2D: 0
  rolloffMode: 2
  BypassEffects: 0
  BypassListenerEffects: 0
  BypassReverbZones: 0
  rolloffCustomCurve:
    serializedVersion: 2
    m_Curve:
    - time: 0.033333335
      value: 1
      inSlope: -30.011993
      outSlope: -30.011993
      tangentMode: 0
    - time: 0.06666667
      value: 0.5
      inSlope: -7.5029984
      outSlope: -7.5029984
      tangentMode: 0
    - time: 0.13333334
      value: 0.25
      inSlope: -1.8757496
      outSlope: -1.8757496
      tangentMode: 0
    - time: 0.26666668
      value: 0.125
      inSlope: -0.4689374
      outSlope: -0.4689374
      tangentMode: 0
    - time: 0.53333336
      value: 0.0625
      inSlope: -0.11723435
      outSlope: -0.11723435
      tangentMode: 0
    - time: 0.8344429
      value: 0.039596952
      inSlope: -0.0455603
      outSlope: -0.0455603
      tangentMode: 0
    - time: 1
      value: 0
      inSlope: -0.033346657
      outSlope: -0.033346657
      tangentMode: 0
    m_PreInfinity: 2
    m_PostInfinity: 2
    m_RotationOrder: 4
  panLevelCustomCurve:
    serializedVersion: 2
    m_Curve:
    - time: 0
      value: 0
      inSlope: 0
      outSlope: 0
      tangentMode: 0
    m_PreInfinity: 2
    m_PostInfinity: 2
    m_RotationOrder: 0
  spreadCustomCurve:
    serializedVersion: 2
    m_Curve:
    - time: 0
      value: 0
      inSlope: 0
      outSlope: 0
      tangentMode: 0
    m_PreInfinity: 2
    m_PostInfinity: 2
    m_RotationOrder: 0
  reverbZoneMixCustomCurve:
    serializedVersion: 2
    m_Curve:
    - time: 0
      value: 0.99961585
      inSlope: 0
      outSlope: 0
      tangentMode: 0
    - time: 0.83194476
      value: 0.7079536
      inSlope: -0.9356691
      outSlope: -0.9356691
      tangentMode: 0
    - time: 1
      value: 0
      inSlope: 0
      outSlope: 0
      tangentMode: 0
    m_PreInfinity: 2
    m_PostInfinity: 2
    m_RotationOrder: 0
--- !u!114 &1025235206
MonoBehaviour:
  m_ObjectHideFlags: 0
  m_PrefabParentObject: {fileID: 0}
  m_PrefabInternal: {fileID: 0}
  m_GameObject: {fileID: 1025235198}
  m_Enabled: 1
  m_EditorHideFlags: 0
  m_Script: {fileID: 11500000, guid: a31a8fefc6b10424b809d32ebf080bfe, type: 3}
  m_Name: 
  m_EditorClassIdentifier: 
  PlayClip:
  - {fileID: 8300000, guid: 3fae7defe1bae4e4cbd06c5b399ebb96, type: 3}
  - {fileID: 8300000, guid: 6739c6c91c9dc4fd59e9d1d80f49d1bf, type: 3}
  - {fileID: 8300000, guid: e5eb1a5bad06d4f4eaf9b3ef55d290fa, type: 3}
  ClipIndex: 0
  RoomIndex: 4
--- !u!1 &1108079582
GameObject:
  m_ObjectHideFlags: 0
  m_PrefabParentObject: {fileID: 0}
  m_PrefabInternal: {fileID: 0}
  serializedVersion: 4
  m_Component:
  - 4: {fileID: 1108079588}
  - 33: {fileID: 1108079587}
  - 135: {fileID: 1108079586}
  - 23: {fileID: 1108079585}
  - 111: {fileID: 1108079584}
  - 114: {fileID: 1108079583}
  m_Layer: 0
  m_Name: dearVR_Source_Script
  m_TagString: Untagged
  m_Icon: {fileID: 0}
  m_NavMeshLayer: 0
  m_StaticEditorFlags: 0
  m_IsActive: 0
--- !u!114 &1108079583
MonoBehaviour:
  m_ObjectHideFlags: 0
  m_PrefabParentObject: {fileID: 0}
  m_PrefabInternal: {fileID: 0}
  m_GameObject: {fileID: 1108079582}
  m_Enabled: 1
  m_EditorHideFlags: 0
  m_Script: {fileID: 11500000, guid: cc4b18772f5b748c8856b23de42b1b3d, type: 3}
  m_Name: 
  m_EditorClassIdentifier: 
  reverbType: 0
  myAudioClip: {fileID: 8300000, guid: 3fae7defe1bae4e4cbd06c5b399ebb96, type: 3}
  roomSelection: 22
  reverbSendList:
  - roomIndex: 1
    send: 0
  - roomIndex: 2
    send: 0
  audioMixer: {fileID: 24364226, guid: 5fb22b80676344753a2f46e2d6494800, type: 2}
  performanceMode: 1
  loop: 1
--- !u!111 &1108079584
Animation:
  m_ObjectHideFlags: 0
  m_PrefabParentObject: {fileID: 0}
  m_PrefabInternal: {fileID: 0}
  m_GameObject: {fileID: 1108079582}
  m_Enabled: 1
  serializedVersion: 3
  m_Animation: {fileID: 7400000, guid: 514fbdfebadd54ecb91bebce2a818475, type: 2}
  m_Animations:
  - {fileID: 7400000, guid: 514fbdfebadd54ecb91bebce2a818475, type: 2}
  m_WrapMode: 0
  m_PlayAutomatically: 1
  m_AnimatePhysics: 0
  m_CullingType: 0
--- !u!23 &1108079585
MeshRenderer:
  m_ObjectHideFlags: 0
  m_PrefabParentObject: {fileID: 0}
  m_PrefabInternal: {fileID: 0}
  m_GameObject: {fileID: 1108079582}
  m_Enabled: 1
  m_CastShadows: 0
  m_ReceiveShadows: 1
  m_Materials:
  - {fileID: 2100000, guid: 77f8e8ad470d34495a67a4ee49c0a5e6, type: 2}
  m_SubsetIndices: 
  m_StaticBatchRoot: {fileID: 0}
  m_UseLightProbes: 1
  m_ReflectionProbeUsage: 1
  m_ProbeAnchor: {fileID: 0}
  m_ScaleInLightmap: 1
  m_PreserveUVs: 1
  m_IgnoreNormalsForChartDetection: 0
  m_ImportantGI: 0
  m_MinimumChartSize: 4
  m_AutoUVMaxDistance: 0.5
  m_AutoUVMaxAngle: 89
  m_LightmapParameters: {fileID: 0}
  m_SortingLayerID: 0
  m_SortingOrder: 0
--- !u!135 &1108079586
SphereCollider:
  m_ObjectHideFlags: 0
  m_PrefabParentObject: {fileID: 0}
  m_PrefabInternal: {fileID: 0}
  m_GameObject: {fileID: 1108079582}
  m_Material: {fileID: 0}
  m_IsTrigger: 0
  m_Enabled: 1
  serializedVersion: 2
  m_Radius: 0.5
  m_Center: {x: 0, y: 0, z: 0}
--- !u!33 &1108079587
MeshFilter:
  m_ObjectHideFlags: 0
  m_PrefabParentObject: {fileID: 0}
  m_PrefabInternal: {fileID: 0}
  m_GameObject: {fileID: 1108079582}
  m_Mesh: {fileID: 10207, guid: 0000000000000000e000000000000000, type: 0}
--- !u!4 &1108079588
Transform:
  m_ObjectHideFlags: 0
  m_PrefabParentObject: {fileID: 0}
  m_PrefabInternal: {fileID: 0}
  m_GameObject: {fileID: 1108079582}
  m_LocalRotation: {x: 0, y: 0, z: 0, w: 1}
  m_LocalPosition: {x: -2.102, y: 0.12673926, z: 7.609}
  m_LocalScale: {x: 0.8, y: 0.8, z: 0.8}
  m_LocalEulerAnglesHint: {x: 0, y: 0, z: 0}
  m_Children:
  - {fileID: 190320571}
  m_Father: {fileID: 0}
  m_RootOrder: 12
--- !u!1 &1194952215
GameObject:
  m_ObjectHideFlags: 0
  m_PrefabParentObject: {fileID: 0}
  m_PrefabInternal: {fileID: 0}
  serializedVersion: 4
  m_Component:
  - 4: {fileID: 1194952216}
  - 108: {fileID: 1194952217}
  m_Layer: 0
  m_Name: Point light Corner Front R
  m_TagString: Untagged
  m_Icon: {fileID: 0}
  m_NavMeshLayer: 0
  m_StaticEditorFlags: 0
  m_IsActive: 1
--- !u!4 &1194952216
Transform:
  m_ObjectHideFlags: 0
  m_PrefabParentObject: {fileID: 0}
  m_PrefabInternal: {fileID: 0}
  m_GameObject: {fileID: 1194952215}
  m_LocalRotation: {x: 0, y: 0, z: 0, w: 1}
  m_LocalPosition: {x: -17.24, y: 0, z: 0.07481}
  m_LocalScale: {x: 10, y: 0.01, z: 0.01}
  m_LocalEulerAnglesHint: {x: 0, y: 0, z: 0}
  m_Children: []
  m_Father: {fileID: 808231372}
  m_RootOrder: 0
--- !u!108 &1194952217
Light:
  m_ObjectHideFlags: 0
  m_PrefabParentObject: {fileID: 0}
  m_PrefabInternal: {fileID: 0}
  m_GameObject: {fileID: 1194952215}
  m_Enabled: 1
  serializedVersion: 6
  m_Type: 2
  m_Color: {r: 0.5588235, g: 0.7991887, b: 1, a: 1}
  m_Intensity: 3.85
  m_Range: 5
  m_SpotAngle: 30
  m_CookieSize: 10
  m_Shadows:
    m_Type: 0
    m_Resolution: -1
    m_Strength: 1
    m_Bias: 0.05
    m_NormalBias: 0.4
    m_NearPlane: 0.2
  m_Cookie: {fileID: 0}
  m_DrawHalo: 0
  m_Flare: {fileID: 0}
  m_RenderMode: 0
  m_CullingMask:
    serializedVersion: 2
    m_Bits: 4294967295
  m_Lightmapping: 4
  m_BounceIntensity: 0
  m_ShadowRadius: 3
  m_ShadowAngle: 0
  m_AreaSize: {x: 1, y: 1}
--- !u!1 &1354706195
GameObject:
  m_ObjectHideFlags: 0
  m_PrefabParentObject: {fileID: 0}
  m_PrefabInternal: {fileID: 0}
  serializedVersion: 4
  m_Component:
  - 4: {fileID: 1354706200}
  - 20: {fileID: 1354706199}
  - 92: {fileID: 1354706198}
  - 124: {fileID: 1354706197}
  - 81: {fileID: 1354706196}
  - 114: {fileID: 1354706201}
  m_Layer: 0
  m_Name: Main Camera
  m_TagString: MainCamera
  m_Icon: {fileID: 0}
  m_NavMeshLayer: 0
  m_StaticEditorFlags: 0
  m_IsActive: 1
--- !u!81 &1354706196
AudioListener:
  m_ObjectHideFlags: 0
  m_PrefabParentObject: {fileID: 0}
  m_PrefabInternal: {fileID: 0}
  m_GameObject: {fileID: 1354706195}
  m_Enabled: 1
--- !u!124 &1354706197
Behaviour:
  m_ObjectHideFlags: 0
  m_PrefabParentObject: {fileID: 0}
  m_PrefabInternal: {fileID: 0}
  m_GameObject: {fileID: 1354706195}
  m_Enabled: 1
--- !u!92 &1354706198
Behaviour:
  m_ObjectHideFlags: 0
  m_PrefabParentObject: {fileID: 0}
  m_PrefabInternal: {fileID: 0}
  m_GameObject: {fileID: 1354706195}
  m_Enabled: 1
--- !u!20 &1354706199
Camera:
  m_ObjectHideFlags: 0
  m_PrefabParentObject: {fileID: 0}
  m_PrefabInternal: {fileID: 0}
  m_GameObject: {fileID: 1354706195}
  m_Enabled: 1
  serializedVersion: 2
  m_ClearFlags: 1
  m_BackGroundColor: {r: 0.19215687, g: 0.3019608, b: 0.4745098, a: 0.019607844}
  m_NormalizedViewPortRect:
    serializedVersion: 2
    x: 0
    y: 0
    width: 1
    height: 1
  near clip plane: 0.3
  far clip plane: 1000
  field of view: 60
  orthographic: 0
  orthographic size: 5
  m_Depth: -1
  m_CullingMask:
    serializedVersion: 2
    m_Bits: 4294967295
  m_RenderingPath: -1
  m_TargetTexture: {fileID: 0}
  m_TargetDisplay: 0
  m_TargetEye: 3
  m_HDR: 0
  m_OcclusionCulling: 1
  m_StereoConvergence: 10
  m_StereoSeparation: 0.022
  m_StereoMirrorMode: 0
--- !u!4 &1354706200
Transform:
  m_ObjectHideFlags: 0
  m_PrefabParentObject: {fileID: 0}
  m_PrefabInternal: {fileID: 0}
  m_GameObject: {fileID: 1354706195}
  m_LocalRotation: {x: 0, y: 0, z: 0, w: 1}
  m_LocalPosition: {x: 0, y: 0, z: 2}
  m_LocalScale: {x: 1, y: 1, z: 1}
  m_LocalEulerAnglesHint: {x: 0, y: 0, z: 0}
  m_Children: []
  m_Father: {fileID: 0}
  m_RootOrder: 6
--- !u!114 &1354706201
MonoBehaviour:
  m_ObjectHideFlags: 0
  m_PrefabParentObject: {fileID: 0}
  m_PrefabInternal: {fileID: 0}
  m_GameObject: {fileID: 1354706195}
  m_Enabled: 1
  m_EditorHideFlags: 0
  m_Script: {fileID: 11500000, guid: 768293f5532895b46b28589d471397f8, type: 3}
  m_Name: 
  m_EditorClassIdentifier: 
  lookSpeed: 1.5
  moveSpeed: 0.06
  rotationX: 0
  rotationY: 0
--- !u!1 &1370289454
GameObject:
  m_ObjectHideFlags: 0
  m_PrefabParentObject: {fileID: 0}
  m_PrefabInternal: {fileID: 0}
  serializedVersion: 4
  m_Component:
  - 4: {fileID: 1370289455}
  - 108: {fileID: 1370289456}
  m_Layer: 0
  m_Name: Point light Corner Front L
  m_TagString: Untagged
  m_Icon: {fileID: 0}
  m_NavMeshLayer: 0
  m_StaticEditorFlags: 0
  m_IsActive: 1
--- !u!4 &1370289455
Transform:
  m_ObjectHideFlags: 0
  m_PrefabParentObject: {fileID: 0}
  m_PrefabInternal: {fileID: 0}
  m_GameObject: {fileID: 1370289454}
  m_LocalRotation: {x: 0, y: 0, z: 0, w: 1}
  m_LocalPosition: {x: 15.93, y: 0, z: 0.07481}
  m_LocalScale: {x: 10, y: 0.01, z: 0.01}
  m_LocalEulerAnglesHint: {x: 0, y: 0, z: 0}
  m_Children: []
  m_Father: {fileID: 1614846738}
  m_RootOrder: 0
--- !u!108 &1370289456
Light:
  m_ObjectHideFlags: 0
  m_PrefabParentObject: {fileID: 0}
  m_PrefabInternal: {fileID: 0}
  m_GameObject: {fileID: 1370289454}
  m_Enabled: 1
  serializedVersion: 6
  m_Type: 2
  m_Color: {r: 0.5588235, g: 0.7991887, b: 1, a: 1}
  m_Intensity: 3.85
  m_Range: 5
  m_SpotAngle: 30
  m_CookieSize: 10
  m_Shadows:
    m_Type: 0
    m_Resolution: -1
    m_Strength: 1
    m_Bias: 0.05
    m_NormalBias: 0.4
    m_NearPlane: 0.2
  m_Cookie: {fileID: 0}
  m_DrawHalo: 0
  m_Flare: {fileID: 0}
  m_RenderMode: 0
  m_CullingMask:
    serializedVersion: 2
    m_Bits: 4294967295
  m_Lightmapping: 4
  m_BounceIntensity: 0
  m_ShadowRadius: 3
  m_ShadowAngle: 0
  m_AreaSize: {x: 1, y: 1}
--- !u!1 &1396743632
GameObject:
  m_ObjectHideFlags: 0
  m_PrefabParentObject: {fileID: 172948, guid: ff2701e893ddb44bbb8457166dd619e7, type: 2}
  m_PrefabInternal: {fileID: 0}
  serializedVersion: 4
  m_Component:
  - 4: {fileID: 1396743636}
  - 33: {fileID: 1396743635}
  - 64: {fileID: 1396743634}
  - 23: {fileID: 1396743633}
  m_Layer: 0
  m_Name: Room_Floor
  m_TagString: Untagged
  m_Icon: {fileID: 0}
  m_NavMeshLayer: 0
  m_StaticEditorFlags: 4294967295
  m_IsActive: 1
--- !u!23 &1396743633
MeshRenderer:
  m_ObjectHideFlags: 0
  m_PrefabParentObject: {fileID: 2335956, guid: ff2701e893ddb44bbb8457166dd619e7,
    type: 2}
  m_PrefabInternal: {fileID: 0}
  m_GameObject: {fileID: 1396743632}
  m_Enabled: 1
  m_CastShadows: 1
  m_ReceiveShadows: 1
  m_Materials:
  - {fileID: 2100000, guid: 92031595346c649378e034848bc3ba69, type: 2}
  m_SubsetIndices: 
  m_StaticBatchRoot: {fileID: 0}
  m_UseLightProbes: 0
  m_ReflectionProbeUsage: 1
  m_ProbeAnchor: {fileID: 0}
  m_ScaleInLightmap: 1
  m_PreserveUVs: 0
  m_IgnoreNormalsForChartDetection: 0
  m_ImportantGI: 0
  m_MinimumChartSize: 4
  m_AutoUVMaxDistance: 0.5
  m_AutoUVMaxAngle: 89
  m_LightmapParameters: {fileID: 0}
  m_SortingLayerID: 0
  m_SortingOrder: 0
--- !u!64 &1396743634
MeshCollider:
  m_ObjectHideFlags: 0
  m_PrefabParentObject: {fileID: 6499166, guid: ff2701e893ddb44bbb8457166dd619e7,
    type: 2}
  m_PrefabInternal: {fileID: 0}
  m_GameObject: {fileID: 1396743632}
  m_Material: {fileID: 0}
  m_IsTrigger: 0
  m_Enabled: 1
  serializedVersion: 2
  m_Convex: 0
  m_Mesh: {fileID: 10209, guid: 0000000000000000e000000000000000, type: 0}
--- !u!33 &1396743635
MeshFilter:
  m_ObjectHideFlags: 0
  m_PrefabParentObject: {fileID: 3351412, guid: ff2701e893ddb44bbb8457166dd619e7,
    type: 2}
  m_PrefabInternal: {fileID: 0}
  m_GameObject: {fileID: 1396743632}
  m_Mesh: {fileID: 10209, guid: 0000000000000000e000000000000000, type: 0}
--- !u!4 &1396743636
Transform:
  m_ObjectHideFlags: 0
  m_PrefabParentObject: {fileID: 417274, guid: ff2701e893ddb44bbb8457166dd619e7, type: 2}
  m_PrefabInternal: {fileID: 0}
  m_GameObject: {fileID: 1396743632}
  m_LocalRotation: {x: 0, y: 0, z: 0, w: 1}
  m_LocalPosition: {x: 0, y: -2, z: 0}
  m_LocalScale: {x: 10, y: 1, z: 10}
  m_LocalEulerAnglesHint: {x: 0, y: 0, z: 0}
  m_Children: []
  m_Father: {fileID: 0}
  m_RootOrder: 2
--- !u!1 &1614846734
GameObject:
  m_ObjectHideFlags: 0
  m_PrefabParentObject: {fileID: 103862, guid: ff2701e893ddb44bbb8457166dd619e7, type: 2}
  m_PrefabInternal: {fileID: 0}
  serializedVersion: 4
  m_Component:
  - 4: {fileID: 1614846738}
  - 33: {fileID: 1614846737}
  - 65: {fileID: 1614846736}
  - 23: {fileID: 1614846735}
  m_Layer: 0
  m_Name: Room_Left
  m_TagString: Untagged
  m_Icon: {fileID: 0}
  m_NavMeshLayer: 0
  m_StaticEditorFlags: 4294967295
  m_IsActive: 1
--- !u!23 &1614846735
MeshRenderer:
  m_ObjectHideFlags: 0
  m_PrefabParentObject: {fileID: 2302128, guid: ff2701e893ddb44bbb8457166dd619e7,
    type: 2}
  m_PrefabInternal: {fileID: 0}
  m_GameObject: {fileID: 1614846734}
  m_Enabled: 1
  m_CastShadows: 1
  m_ReceiveShadows: 1
  m_Materials:
  - {fileID: 2100000, guid: 92031595346c649378e034848bc3ba69, type: 2}
  m_SubsetIndices: 
  m_StaticBatchRoot: {fileID: 0}
  m_UseLightProbes: 0
  m_ReflectionProbeUsage: 1
  m_ProbeAnchor: {fileID: 0}
  m_ScaleInLightmap: 1
  m_PreserveUVs: 0
  m_IgnoreNormalsForChartDetection: 0
  m_ImportantGI: 0
  m_MinimumChartSize: 4
  m_AutoUVMaxDistance: 0.5
  m_AutoUVMaxAngle: 89
  m_LightmapParameters: {fileID: 0}
  m_SortingLayerID: 0
  m_SortingOrder: 0
--- !u!65 &1614846736
BoxCollider:
  m_ObjectHideFlags: 0
  m_PrefabParentObject: {fileID: 6595784, guid: ff2701e893ddb44bbb8457166dd619e7,
    type: 2}
  m_PrefabInternal: {fileID: 0}
  m_GameObject: {fileID: 1614846734}
  m_Material: {fileID: 0}
  m_IsTrigger: 0
  m_Enabled: 1
  serializedVersion: 2
  m_Size: {x: 1, y: 1, z: 1}
  m_Center: {x: 0, y: 0, z: 0}
--- !u!33 &1614846737
MeshFilter:
  m_ObjectHideFlags: 0
  m_PrefabParentObject: {fileID: 3318736, guid: ff2701e893ddb44bbb8457166dd619e7,
    type: 2}
  m_PrefabInternal: {fileID: 0}
  m_GameObject: {fileID: 1614846734}
  m_Mesh: {fileID: 10202, guid: 0000000000000000e000000000000000, type: 0}
--- !u!4 &1614846738
Transform:
  m_ObjectHideFlags: 0
  m_PrefabParentObject: {fileID: 442200, guid: ff2701e893ddb44bbb8457166dd619e7, type: 2}
  m_PrefabInternal: {fileID: 0}
  m_GameObject: {fileID: 1614846734}
  m_LocalRotation: {x: 0, y: 0, z: 0, w: 1}
  m_LocalPosition: {x: -4.7, y: 0, z: 0}
  m_LocalScale: {x: 0.1, y: 100, z: 100}
  m_LocalEulerAnglesHint: {x: 0, y: 0, z: 0}
  m_Children:
  - {fileID: 1370289455}
  m_Father: {fileID: 0}
  m_RootOrder: 4
--- !u!1 &1644211128
GameObject:
  m_ObjectHideFlags: 0
  m_PrefabParentObject: {fileID: 0}
  m_PrefabInternal: {fileID: 0}
  serializedVersion: 4
  m_Component:
  - 4: {fileID: 1644211130}
  - 108: {fileID: 1644211129}
  m_Layer: 0
  m_Name: Spotlight_Logo
  m_TagString: Untagged
  m_Icon: {fileID: 0}
  m_NavMeshLayer: 0
  m_StaticEditorFlags: 0
  m_IsActive: 1
--- !u!108 &1644211129
Light:
  m_ObjectHideFlags: 0
  m_PrefabParentObject: {fileID: 0}
  m_PrefabInternal: {fileID: 0}
  m_GameObject: {fileID: 1644211128}
  m_Enabled: 1
  serializedVersion: 6
  m_Type: 0
  m_Color: {r: 0.6764706, g: 0.8511192, b: 1, a: 1}
  m_Intensity: 7.8
  m_Range: 7.67
  m_SpotAngle: 54.7
  m_CookieSize: 10
  m_Shadows:
    m_Type: 2
    m_Resolution: -1
    m_Strength: 1
    m_Bias: 0.05
    m_NormalBias: 0.4
    m_NearPlane: 0.2
  m_Cookie: {fileID: 0}
  m_DrawHalo: 0
  m_Flare: {fileID: 0}
  m_RenderMode: 0
  m_CullingMask:
    serializedVersion: 2
    m_Bits: 4294967295
  m_Lightmapping: 4
  m_BounceIntensity: 0
  m_ShadowRadius: 0
  m_ShadowAngle: 0
  m_AreaSize: {x: 1, y: 1}
--- !u!4 &1644211130
Transform:
  m_ObjectHideFlags: 0
  m_PrefabParentObject: {fileID: 0}
  m_PrefabInternal: {fileID: 0}
  m_GameObject: {fileID: 1644211128}
  m_LocalRotation: {x: -0.51844895, y: 0.34998867, z: -0.19906123, w: -0.7543827}
  m_LocalPosition: {x: 2.165, y: 2.5, z: -10.4400015}
  m_LocalScale: {x: 1, y: 1, z: 1}
  m_LocalEulerAnglesHint: {x: 0, y: 0, z: 0}
  m_Children: []
  m_Father: {fileID: 2106531770}
  m_RootOrder: 0
--- !u!1 &1706203269
GameObject:
  m_ObjectHideFlags: 0
  m_PrefabParentObject: {fileID: 0}
  m_PrefabInternal: {fileID: 0}
  serializedVersion: 4
  m_Component:
  - 4: {fileID: 1706203271}
  - 108: {fileID: 1706203270}
  m_Layer: 0
  m_Name: Backlight_Logo_Effect
  m_TagString: Untagged
  m_Icon: {fileID: 0}
  m_NavMeshLayer: 0
  m_StaticEditorFlags: 0
  m_IsActive: 1
--- !u!108 &1706203270
Light:
  m_ObjectHideFlags: 0
  m_PrefabParentObject: {fileID: 0}
  m_PrefabInternal: {fileID: 0}
  m_GameObject: {fileID: 1706203269}
  m_Enabled: 1
  serializedVersion: 6
  m_Type: 2
  m_Color: {r: 0.6985294, g: 0.8612702, b: 1, a: 1}
  m_Intensity: 4.09
  m_Range: 0.71
  m_SpotAngle: 30
  m_CookieSize: 10
  m_Shadows:
    m_Type: 1
    m_Resolution: -1
    m_Strength: 0.032
    m_Bias: 0.05
    m_NormalBias: 0.4
    m_NearPlane: 0.2
  m_Cookie: {fileID: 0}
  m_DrawHalo: 0
  m_Flare: {fileID: 0}
  m_RenderMode: 0
  m_CullingMask:
    serializedVersion: 2
    m_Bits: 4294967295
  m_Lightmapping: 4
  m_BounceIntensity: 0
  m_ShadowRadius: 0
  m_ShadowAngle: 0
  m_AreaSize: {x: 1, y: 1}
--- !u!4 &1706203271
Transform:
  m_ObjectHideFlags: 0
  m_PrefabParentObject: {fileID: 0}
  m_PrefabInternal: {fileID: 0}
  m_GameObject: {fileID: 1706203269}
  m_LocalRotation: {x: 0, y: 0, z: 0, w: 1}
  m_LocalPosition: {x: 0.25, y: 0.12375, z: -0.5999994}
  m_LocalScale: {x: 1.25, y: 1.25, z: 2}
  m_LocalEulerAnglesHint: {x: 0, y: 0, z: 0}
  m_Children: []
  m_Father: {fileID: 2106531770}
  m_RootOrder: 2
--- !u!1 &1739122427
GameObject:
  m_ObjectHideFlags: 0
  m_PrefabParentObject: {fileID: 120978, guid: ff2701e893ddb44bbb8457166dd619e7, type: 2}
  m_PrefabInternal: {fileID: 0}
  serializedVersion: 4
  m_Component:
  - 4: {fileID: 1739122431}
  - 33: {fileID: 1739122430}
  - 65: {fileID: 1739122429}
  - 23: {fileID: 1739122428}
  m_Layer: 0
  m_Name: Room_Front
  m_TagString: Untagged
  m_Icon: {fileID: 0}
  m_NavMeshLayer: 0
  m_StaticEditorFlags: 4294967295
  m_IsActive: 1
--- !u!23 &1739122428
MeshRenderer:
  m_ObjectHideFlags: 0
  m_PrefabParentObject: {fileID: 2306136, guid: ff2701e893ddb44bbb8457166dd619e7,
    type: 2}
  m_PrefabInternal: {fileID: 0}
  m_GameObject: {fileID: 1739122427}
  m_Enabled: 1
  m_CastShadows: 0
  m_ReceiveShadows: 1
  m_Materials:
  - {fileID: 2100000, guid: 92031595346c649378e034848bc3ba69, type: 2}
  m_SubsetIndices: 
  m_StaticBatchRoot: {fileID: 0}
  m_UseLightProbes: 0
  m_ReflectionProbeUsage: 1
  m_ProbeAnchor: {fileID: 0}
  m_ScaleInLightmap: 1
  m_PreserveUVs: 0
  m_IgnoreNormalsForChartDetection: 0
  m_ImportantGI: 0
  m_MinimumChartSize: 4
  m_AutoUVMaxDistance: 0.5
  m_AutoUVMaxAngle: 89
  m_LightmapParameters: {fileID: 0}
  m_SortingLayerID: 0
  m_SortingOrder: 0
--- !u!65 &1739122429
BoxCollider:
  m_ObjectHideFlags: 0
  m_PrefabParentObject: {fileID: 6534136, guid: ff2701e893ddb44bbb8457166dd619e7,
    type: 2}
  m_PrefabInternal: {fileID: 0}
  m_GameObject: {fileID: 1739122427}
  m_Material: {fileID: 0}
  m_IsTrigger: 0
  m_Enabled: 1
  serializedVersion: 2
  m_Size: {x: 1, y: 1, z: 1}
  m_Center: {x: 0, y: 0, z: 0}
--- !u!33 &1739122430
MeshFilter:
  m_ObjectHideFlags: 0
  m_PrefabParentObject: {fileID: 3300310, guid: ff2701e893ddb44bbb8457166dd619e7,
    type: 2}
  m_PrefabInternal: {fileID: 0}
  m_GameObject: {fileID: 1739122427}
  m_Mesh: {fileID: 10202, guid: 0000000000000000e000000000000000, type: 0}
--- !u!4 &1739122431
Transform:
  m_ObjectHideFlags: 0
  m_PrefabParentObject: {fileID: 471238, guid: ff2701e893ddb44bbb8457166dd619e7, type: 2}
  m_PrefabInternal: {fileID: 0}
  m_GameObject: {fileID: 1739122427}
  m_LocalRotation: {x: 0, y: 0.7071068, z: 0, w: 0.7071067}
  m_LocalPosition: {x: 0, y: 0, z: 9.39}
  m_LocalScale: {x: 0.1, y: 100, z: 100}
  m_LocalEulerAnglesHint: {x: 0, y: 0, z: 0}
  m_Children: []
  m_Father: {fileID: 0}
  m_RootOrder: 0
--- !u!1 &1754741897
GameObject:
  m_ObjectHideFlags: 0
  m_PrefabParentObject: {fileID: 0}
  m_PrefabInternal: {fileID: 0}
  serializedVersion: 4
  m_Component:
  - 4: {fileID: 1754741898}
  - 108: {fileID: 1754741899}
  m_Layer: 8
  m_Name: Sphere_Light
  m_TagString: Untagged
  m_Icon: {fileID: 0}
  m_NavMeshLayer: 0
  m_StaticEditorFlags: 0
  m_IsActive: 1
--- !u!4 &1754741898
Transform:
  m_ObjectHideFlags: 0
  m_PrefabParentObject: {fileID: 0}
  m_PrefabInternal: {fileID: 0}
  m_GameObject: {fileID: 1754741897}
  m_LocalRotation: {x: 0, y: 0, z: 0, w: 1}
  m_LocalPosition: {x: 0, y: 0.165, z: -0.564}
  m_LocalScale: {x: 1, y: 1, z: 0.2}
  m_LocalEulerAnglesHint: {x: 0, y: 0, z: 0}
  m_Children: []
  m_Father: {fileID: 1025235203}
  m_RootOrder: 0
--- !u!108 &1754741899
Light:
  m_ObjectHideFlags: 0
  m_PrefabParentObject: {fileID: 0}
  m_PrefabInternal: {fileID: 0}
  m_GameObject: {fileID: 1754741897}
  m_Enabled: 1
  serializedVersion: 6
  m_Type: 2
  m_Color: {r: 0.5568628, g: 0.79607844, b: 1, a: 1}
  m_Intensity: 6.8
  m_Range: 0.7
  m_SpotAngle: 30
  m_CookieSize: 10
  m_Shadows:
    m_Type: 0
    m_Resolution: -1
    m_Strength: 0.032
    m_Bias: 0.05
    m_NormalBias: 0.4
    m_NearPlane: 0.2
  m_Cookie: {fileID: 0}
  m_DrawHalo: 0
  m_Flare: {fileID: 0}
  m_RenderMode: 0
  m_CullingMask:
    serializedVersion: 2
    m_Bits: 4294967295
  m_Lightmapping: 4
  m_BounceIntensity: 0
  m_ShadowRadius: 0
  m_ShadowAngle: 0
  m_AreaSize: {x: 1, y: 1}
--- !u!1 &1801333321
GameObject:
  m_ObjectHideFlags: 0
  m_PrefabParentObject: {fileID: 0}
  m_PrefabInternal: {fileID: 0}
  serializedVersion: 4
  m_Component:
  - 4: {fileID: 1801333322}
  - 108: {fileID: 1801333323}
  m_Layer: 0
  m_Name: Point light Back Floor mid
  m_TagString: Untagged
  m_Icon: {fileID: 0}
  m_NavMeshLayer: 0
  m_StaticEditorFlags: 0
  m_IsActive: 1
--- !u!4 &1801333322
Transform:
  m_ObjectHideFlags: 0
  m_PrefabParentObject: {fileID: 0}
  m_PrefabInternal: {fileID: 0}
  m_GameObject: {fileID: 1801333321}
  m_LocalRotation: {x: 0, y: -0.7071068, z: 0, w: 0.7071067}
  m_LocalPosition: {x: -10.78, y: -0.00979, z: 0.00013}
  m_LocalScale: {x: 0.010000002, y: 0.01, z: 10}
  m_LocalEulerAnglesHint: {x: 0, y: 0, z: 0}
  m_Children: []
  m_Father: {fileID: 232849507}
  m_RootOrder: 0
--- !u!108 &1801333323
Light:
  m_ObjectHideFlags: 0
  m_PrefabParentObject: {fileID: 0}
  m_PrefabInternal: {fileID: 0}
  m_GameObject: {fileID: 1801333321}
  m_Enabled: 1
  serializedVersion: 6
  m_Type: 2
  m_Color: {r: 0.5588235, g: 0.7991887, b: 1, a: 1}
  m_Intensity: 1.3
  m_Range: 8
  m_SpotAngle: 30
  m_CookieSize: 10
  m_Shadows:
    m_Type: 0
    m_Resolution: -1
    m_Strength: 1
    m_Bias: 0.05
    m_NormalBias: 0.4
    m_NearPlane: 0.2
  m_Cookie: {fileID: 0}
  m_DrawHalo: 0
  m_Flare: {fileID: 0}
  m_RenderMode: 0
  m_CullingMask:
    serializedVersion: 2
    m_Bits: 4294967295
  m_Lightmapping: 4
  m_BounceIntensity: 0
  m_ShadowRadius: 3
  m_ShadowAngle: 0
  m_AreaSize: {x: 1, y: 1}
--- !u!1 &1821652516
GameObject:
  m_ObjectHideFlags: 0
  m_PrefabParentObject: {fileID: 127446, guid: 4a825123feb3c4022bec90b77335077b, type: 2}
  m_PrefabInternal: {fileID: 0}
  serializedVersion: 4
  m_Component:
  - 4: {fileID: 1821652517}
  - 33: {fileID: 1821652519}
  - 23: {fileID: 1821652518}
  m_Layer: 0
  m_Name: dearVR_Logo_File
  m_TagString: Untagged
  m_Icon: {fileID: 0}
  m_NavMeshLayer: 0
  m_StaticEditorFlags: 0
  m_IsActive: 1
--- !u!4 &1821652517
Transform:
  m_ObjectHideFlags: 0
  m_PrefabParentObject: {fileID: 400668, guid: 4a825123feb3c4022bec90b77335077b, type: 2}
  m_PrefabInternal: {fileID: 0}
  m_GameObject: {fileID: 1821652516}
  m_LocalRotation: {x: -0.000000115202326, y: 0.7071067, z: -0.7071068, w: -0.00000011520231}
  m_LocalPosition: {x: 0.013, y: 0.033, z: -0.6}
  m_LocalScale: {x: 0.07, y: 0.07, z: 0.07}
  m_LocalEulerAnglesHint: {x: 89.980194, y: -180, z: 0}
  m_Children: []
  m_Father: {fileID: 2106531770}
  m_RootOrder: 1
--- !u!23 &1821652518
MeshRenderer:
  m_ObjectHideFlags: 0
  m_PrefabParentObject: {fileID: 2382498, guid: 4a825123feb3c4022bec90b77335077b,
    type: 2}
  m_PrefabInternal: {fileID: 0}
  m_GameObject: {fileID: 1821652516}
  m_Enabled: 1
  m_CastShadows: 0
  m_ReceiveShadows: 0
  m_Materials:
  - {fileID: 2100000, guid: bd686db40ef1e4dd5b1a37e7af0c6403, type: 2}
  m_SubsetIndices: 
  m_StaticBatchRoot: {fileID: 0}
  m_UseLightProbes: 1
  m_ReflectionProbeUsage: 1
  m_ProbeAnchor: {fileID: 0}
  m_ScaleInLightmap: 1
  m_PreserveUVs: 0
  m_IgnoreNormalsForChartDetection: 0
  m_ImportantGI: 0
  m_MinimumChartSize: 4
  m_AutoUVMaxDistance: 0.5
  m_AutoUVMaxAngle: 89
  m_LightmapParameters: {fileID: 0}
  m_SortingLayerID: 0
  m_SortingOrder: 0
--- !u!33 &1821652519
MeshFilter:
  m_ObjectHideFlags: 0
  m_PrefabParentObject: {fileID: 3313024, guid: 4a825123feb3c4022bec90b77335077b,
    type: 2}
  m_PrefabInternal: {fileID: 0}
  m_GameObject: {fileID: 1821652516}
  m_Mesh: {fileID: 10209, guid: 0000000000000000e000000000000000, type: 0}
--- !u!4 &2106531770
Transform:
  m_ObjectHideFlags: 0
  m_PrefabParentObject: {fileID: 496702, guid: 4a825123feb3c4022bec90b77335077b, type: 2}
  m_PrefabInternal: {fileID: 0}
  m_GameObject: {fileID: 423714690}
  m_LocalRotation: {x: 0, y: 0, z: 0, w: 1}
  m_LocalPosition: {x: 0, y: 0, z: 5.5}
  m_LocalScale: {x: 0.8, y: 0.8, z: 0.1}
  m_LocalEulerAnglesHint: {x: 0, y: 0, z: 0}
  m_Children:
  - {fileID: 1644211130}
  - {fileID: 1821652517}
  - {fileID: 1706203271}
  m_Father: {fileID: 0}
  m_RootOrder: 8
